<record><leader>00000cas a22000007a 4500</leader><controlfield tag="001">17206693</controlfield><controlfield tag="008">871209c18859999vauwr ne      0    0eng d</controlfield><datafield ind1=" " ind2=" " tag="010"><subfield code="a">sn 87056758 </subfield></datafield><datafield ind1=" " ind2=" " tag="040"><subfield code="a">NPI</subfield><subfield code="b">eng</subfield><subfield code="c">NPI</subfield><subfield code="d">NVK</subfield><subfield code="d">OCLCQ</subfield><subfield code="d">OCLCF</subfield><subfield code="d">OCLCO</subfield></datafield><datafield ind1="1" ind2=" " tag="029"><subfield code="a">AU@</subfield><subfield code="b">000025829132</subfield></datafield><datafield ind1=" " ind2=" " tag="042"><subfield code="a">msc</subfield></datafield><datafield ind1=" " ind2=" " tag="043"><subfield code="a">n-us-va</subfield></datafield><datafield ind1="0" ind2="4" tag="245"><subfield code="a">The New Castle record.</subfield></datafield><datafield ind1="3" ind2="0" tag="246"><subfield code="a">Newcastle record</subfield></datafield><datafield ind1=" " ind2=" " tag="260"><subfield code="a">New Castle, Craig County, Va. :</subfield><subfield code="b">O.W. Eans</subfield></datafield><datafield ind1=" " ind2=" " tag="310"><subfield code="a">Weekly</subfield></datafield><datafield ind1="1" ind2=" " tag="362"><subfield code="a">Began in 1885.</subfield><subfield code="z">Cf. Gregory, W. Amer. newspapers.</subfield></datafield><datafield ind1=" " ind2=" " tag="500"><subfield code="a">"Voice of Craig County."</subfield></datafield><datafield ind1=" " ind2=" " tag="500"><subfield code="a">Publishers: Salem Pub. Co., &lt;1974&gt; - ; cf. Ayers.</subfield></datafield><datafield ind1=" " ind2=" " tag="530"><subfield code="a">Available on microfilm from UMI.</subfield></datafield><datafield ind1=" " ind2=" " tag="580"><subfield code="a">Salem Publishing Co., under Ray Robinson, also published Fincastle record Botetourt County news; Salem times-register (Salem, Va. : 1970); and Vinton messenger.</subfield></datafield><datafield ind1=" " ind2=" " tag="588"><subfield code="a">Description based on: Vol. 8, no. 42 (Jan. 7, 1893).</subfield></datafield><datafield ind1=" " ind2="0" tag="651"><subfield code="a">Craig County (Va.)</subfield><subfield code="v">Newspapers.</subfield></datafield><datafield ind1=" " ind2="0" tag="651"><subfield code="a">New Castle (Va.)</subfield><subfield code="v">Newspapers.</subfield></datafield><datafield ind1=" " ind2="7" tag="655"><subfield code="a">Newspapers.</subfield><subfield code="2">fast</subfield><subfield code="0">(OCoLC)fst01423814</subfield></datafield><datafield ind1=" " ind2="7" tag="651"><subfield code="a">Virginia</subfield><subfield code="z">Craig County.</subfield><subfield code="2">fast</subfield><subfield code="0">(OCoLC)fst01210359</subfield></datafield><datafield ind1=" " ind2="7" tag="651"><subfield code="a">Virginia</subfield><subfield code="z">New Castle.</subfield><subfield code="2">fast</subfield><subfield code="0">(OCoLC)fst01299460</subfield></datafield><datafield ind1="1" ind2=" " tag="700"><subfield code="a">Robinson, Ray.</subfield></datafield><datafield ind1=" " ind2=" " tag="752"><subfield code="a">United States</subfield><subfield code="b">Virginia</subfield><subfield code="c">Craig</subfield><subfield code="d">New Castle.</subfield></datafield><datafield ind1="1" ind2=" " tag="775"><subfield code="t">Fincastle herald Botetourt County news</subfield><subfield code="w">(DLC)sn 98068379</subfield></datafield><datafield ind1="1" ind2=" " tag="775"><subfield code="t">Salem times-register (Salem, Va. : 1970)</subfield><subfield code="w">(DLC)sn 98068230</subfield></datafield><datafield ind1="1" ind2=" " tag="775"><subfield code="t">Vinton messenger</subfield><subfield code="w">(DLC)sn 85000801</subfield></datafield></record>